% This file was created with JabRef 2.10.
% Encoding: UTF-8

@article{ILSVRC15,
	Author = {Olga Russakovsky and Jia Deng and Hao Su and Jonathan Krause and Sanjeev Satheesh and Sean Ma and Zhiheng Huang and Andrej Karpathy and Aditya Khosla and Michael Bernstein and Alexander C. Berg and Li Fei-Fei},
	Title = {{ImageNet Large Scale Visual Recognition Challenge}},
	Year = {2015},
	journal   = {International Journal of Computer Vision (IJCV)},
	doi = {10.1007/s11263-015-0816-y},
	volume={115},
	number={3},
	pages={211-252}
}

@article{WordNet,
	author = {Miller, George A.},
	title = {WordNet: A Lexical Database for English},
	journal = {Commun. ACM},
	issue_date = {Nov. 1995},
	volume = {38},
	number = {11},
	month = nov,
	year = {1995},
	issn = {0001-0782},
	pages = {39--41},
	numpages = {3},
	url = {http://doi.acm.org/10.1145/219717.219748},
	doi = {10.1145/219717.219748},
	acmid = {219748},
	publisher = {ACM},
	address = {New York, NY, USA},
}

@ARTICLE{Lokoc-influential-trends, 
	author={J. Lokoc and W. Bailer and K. Schoeffmann and B. Muenzer and G. Awad}, 
	journal={IEEE Transactions on Multimedia}, 
	title={On influential trends in interactive video retrieval: Video Browser Showdown 2015-2017}, 
	year={2018}, 
	volume={}, 
	number={}, 
	pages={1-1}, 
	keywords={Benchmark testing;Browsers;Data models;Task analysis;Tools;Usability;Visualization;Interactive video retrieval;content-based methods;evaluation metrics;video browsing}, 
	doi={10.1109/TMM.2018.2830110}, 
	ISSN={1520-9210}, 
	month={},
}

@article{szegedy2015going,
	author    = {Christian Szegedy and
	Wei Liu and
	Yangqing Jia and
	Pierre Sermanet and
	Scott Reed and
	Dragomir Anguelov and
	Dumitru Erhan and
	Vincent Vanhoucke and
	Andrew Rabinovich},
	title     = {Going Deeper with Convolutions},
	journal   = {CoRR},
	volume    = {abs/1409.4842},
	year      = {2014},
	url       = {http://arxiv.org/abs/1409.4842},
	archivePrefix = {arXiv},
	eprint    = {1409.4842},
	timestamp = {Wed, 07 Jun 2017 14:40:42 +0200},
	biburl    = {https://dblp.org/rec/bib/journals/corr/SzegedyLJSRAEVR14},
	bibsource = {dblp computer science bibliography, https://dblp.org}
}