%
%  An example of a bibliographical database for bibTeX
%
%  Recommended software for maintenance of *.bib files:
%    JabRef, http://jabref.sourceforge.net/
%
%  BEWARE:
%
%    *  If a name contains a capital letter, which must be kept such,
%       use curly brackets ({T}hailand, {HIV}).
%
%  ===========================================================================


@inproceedings{2017trecvidawad,
	author= {George Awad and Asad Butt and Jonathan Fiscus and David Joy and Andrew Delgado and Martial Michel and Alan F. Smeaton and Yvette Graham and Wessel Kraaij and Georges Qu√©not and Maria Eskevich and Roeland Ordelman and Gareth J. F. Jones and Benoit Huet},
	title = {TRECVID 2017: Evaluating Ad-hoc and Instance Video Search, Events Detection, Video Captioning and Hyperlinking},
	booktitle = {Proceedings of TRECVID 2017},
	keywords={TRECVid, Video Retrieval, Multimedia Retrieval, IR Evaluation},
	year = 2017,
	organization = {NIST, USA},
	pdf={http://www-nlpir.nist.gov/projects/tvpubs/tv17.papers/tv17overview.pdf},
}

@inproceedings{imagenet_cvpr09,
	AUTHOR = {Deng, J. and Dong, W. and Socher, R. and Li, L.-J. and Li, K. and Fei-Fei, L.},
	TITLE = {{ImageNet: A Large-Scale Hierarchical Image Database}},
	BOOKTITLE = {CVPR09},
	YEAR = {2009},
	BIBSOURCE = "http://www.image-net.org/papers/imagenet_cvpr09.bib"
}

@inproceedings{he2015delving,
	title={Delving deep into rectifiers: Surpassing human-level performance on imagenet classification},
	author={He, Kaiming and Zhang, Xiangyu and Ren, Shaoqing and Sun, Jian},
	booktitle={Proceedings of the IEEE international conference on computer vision},
	pages={1026--1034},
	year={2015}
}

@article{cobarzan2017interactive,
	title={Interactive video search tools: a detailed analysis of the video browser showdown 2015},
	author={Cob{\^a}rzan, Claudiu and Schoeffmann, Klaus and Bailer, Werner and H{\"u}rst, Wolfgang and Bla{\v{z}}ek, Adam and Loko{\v{c}}, Jakub and Vrochidis, Stefanos and Barthel, Kai Uwe and Rossetto, Luca},
	journal={Multimedia Tools and Applications},
	volume={76},
	number={4},
	pages={5539--5571},
	year={2017},
	publisher={Springer}
}

